@book{AlgoPuzzles,
  author    = {Anany Levitin and Maria Levitin},
  title     = {Algorithmic Puzzles},
  publisher = {Oxford University Press},
  year      = {2011},
  isbn      = {978-0-199-74044-4}
}

@book{LiesenMehrmann,
  author    = {Jörg Liesen and Volker Mehrmann},
  title     = {Lineare Algebra},
  subtitle  = {Ein Lehrbuch über die Theorie mit Blick auf die Praxis},
  publisher = {Springer Spektrum},
  year      = {2015},
  isbn      = {978-3-658-06609-3},
  edition   = {2}
}

@misc{QuantaConway,
  author = {Pradeep Mutalik},
  title  = {Celebrating the Playful Magic of John Horton Conway},
  year   = {2020},
  url    = {https://www.quantamagazine.org/three-math-puzzles-inspired-by-john-horton-conway-20201015/},
  note   = {zuletzt abgerufen am 09.11.2020}
}

@booklet{ProblemsChildren,
  title  = {Problems for children from 5 to 15},
  author = {V. I. Arnold},
  url    = {https://imaginary.org/sites/default/files/taskbook_arnold_en_0.pdf}
}

